@book{Stevens:2013,
 author = {Stevens, W. Richard and Rago, Stephen A.},
 title = {Advanced Programming in the UNIX Environment},
 year = {2013},
 isbn = {0321637739, 9780321637734},
 edition = {3rd},
 publisher = {Addison-Wesley Professional},
} 

@book{blum2008linux,
	title={Linux command line and shell scripting bible},
	author={Blum, Richard},
	volume={481},
	year={2008},
	publisher={John Wiley \& Sons}
}

@misc{UnixFS,
  title = {{The Unix Filesystem}},
  howpublished = {\url{https://goo.gl/VhkuYS}},
  note = {Accessed: 2017-12-18}
}


@misc{PThreadLib,
  title = {{POSIX thread (pthread) libraries}},
  howpublished = {\url{http://www.cs.cmu.edu/afs/cs/academic/class/15492-f07/www/pthreads.html}},
  note = {Accessed: 2016-12-20}
}


@misc{PThreadProg,
  title = {{POSIX Threads Programming}},
  howpublished = {\url{https://computing.llnl.gov/tutorials/pthreads/}},
  note = {Accessed: 2016-12-20}
}


@misc{DaveMarshall,
  title = {{Processes and Threads}},
  howpublished = {\url{http://users.cs.cf.ac.uk/Dave.Marshall/C/node29.html}},
  note = {Accessed: 2016-12-20}
}


@misc{NetSockets,
	title = {{Network Domain Sockets}},
	howpublished = {\url{http://www.cs.rutgers.edu/~pxk/rutgers/notes/sockets/}},
	note = {Accessed: 2019-01-07}
}

@misc{UnixSockets,
	title = {{Unix Sockets}},
	howpublished = {\url{http://beej.us/guide/bgipc/output/html/multipage/unixsock.html}},
	note = {Accessed: 2019-01-07}
}

@misc{SocketsTutorial,
	title = {{Sockets Tutorial}},
	howpublished = {\url{http://www.linuxhowtos.org/C\_C++/socket.htm}},
	note = {Accessed: 2019-01-07}
}

@misc{Beej,
	title = {{Beej's Guide to Network Programming}},
	howpublished = {\url{http://beej.us/guide/bgnet/}},
	note = {Accessed: 2019-01-07}
}

@misc{Endianness,
	title = {{Endianness}},
	howpublished = {\url{http://en.wikipedia.org/wiki/Endianness}},
	note = {Accessed: 2019-01-07}
}

@misc{OutOfBound,
	title = {{out-of-bound data}},
	howpublished = {\url{http://www.gnu.org/software/libc/manual/html\_node/Out\_002dof\_002dBand-Data.html}},
	note = {Accessed: 2019-01-07}
}

@misc{SocketsIntro,
	title = {{Sockets Introduction}},
	howpublished = {\url{https://www.cs.rutgers.edu/~pxk/416/notes/16-sockets.html}},
	note = {Accessed: 2019-01-07}
}

@misc{TCPConTerm,
	title = {{TCP Connection Establishment and Termination}},
	howpublished = {\url{http://www.masterraghu.com/subjects/np/introduction/unix_network_programming_v1.3/ch02lev1sec6.html}},
	note = {Accessed: 2019-01-07}
}

@misc{SockAddrStruct,
	title = {{Socket Address Structures}},
	howpublished = {\url{http://www.informit.com/articles/article.aspx?p=169505&seqNum=2}},
	note = {Accessed: 2019-01-07}
}

@misc{ReadSock,
	title = {{Reading Data from Sockets}},
	howpublished = {\url{http://faq.cprogramming.com/cgi-bin/smartfaq.cgi?id=1044780608&answer=1108255660}},
	note = {Accessed: 2019-01-07}
}

@misc{Sockets,
	title = {{Sockets}},
	howpublished = {\url{http://www.python4science.eu/sockets.html}},
	note = {Accessed: 2019-01-07}
}



@book{stevens2004unix,
	title={UNIX Network Programming: The Sockets Networking API},
	author={Stevens, W Richard and Fenner, Bill and Rudoff, Andrew M},
	volume={1},
	year={2004},
	publisher={Addison-Wesley Professional}
}

@book{nemeth2011unix,
	title={UNIX and Linux System Administration Handbook, 4/e},
	author={Nemeth, Evi},
	year={2011},
	publisher={Pearson Education India}
}


@book{Neil:2015,
	author = {Neil, Drew},
	title = {Practical Vim: Edit Text at the Speed of Thought},
	year = {2015},
	isbn = {1680501275, 9781680501278},
	edition = {2nd},
	publisher = {Pragmatic Bookshelf},
} 

@article{kochan2016shell,
	title={Shell Programming in Unix, Linux and OS X},
	author={Kochan, Stephen G and Wood, Patrick},
	year={2016},
	publisher={Addison-Wesley}
}

@book{KochanC,
   title =     {Programming in C},
   author =    {Stephen G. Kochan},
   publisher = {Addison-Wesley Professional},
   isbn =      {0321776410,9780321776419},
   year =      {2014},
   series =    {},
   edition =   {4},
   volume =    {},
}
